<record xmlns="http://www.loc.gov/MARC21/slim" xmlns:xsi="http://www.w3.org/2001/XMLSchema-instance" xsi:schemaLocation="http://www.loc.gov/MARC21/slim http://www.loc.gov/standards/marcxml/schema/MARC21slim.xsd">

  <leader>01463nab a22001697a 4500</leader>
  <controlfield tag="005">20160317163756.0</controlfield>
  <controlfield tag="008">150730b2002    cr f|||| |||| 00| 0 spa d</controlfield>
  <datafield tag="090" ind2=" " ind1=" ">
    <subfield code="a">REVIS 06.02.01</subfield>
  </datafield>
  <datafield ind1="1" ind2=" " tag="100">
    <subfield code="9">602</subfield>
    <subfield code="a">Aguirre Aguirre, Randolf</subfield>
  </datafield>
  <datafield ind1="1" ind2="3" tag="245">
    <subfield code="a">Un enfoque a la  organización escolar a partir de la teoría Neoclásica /</subfield>
    <subfield code="c">Randolf Aguirre Aguirre</subfield>
  </datafield>
  <datafield ind2=" " ind1=" " tag="260">
    <subfield code="a">San José, Costa Rica :</subfield>
    <subfield code="b">Editorial Universidad de Costa Rica,</subfield>
    <subfield code="c">2002</subfield>
  </datafield>
  <datafield tag="300" ind2=" " ind1=" ">
    <subfield code="a">páginas 19-28</subfield>
  </datafield>
  <datafield tag="520" ind1=" " ind2=" ">
    <subfield code="a">El presente artículo tiene como propósito presentar un breve esbozo sobre  la teoría neoclásica que se ha insertado en la gestión institucional, haciendo que los centros educativos aparezcan disfuncionales e incapaces de estimular el desarrollo  de las facultades del ser humano, lo que ha hecho que la escuela en su función socializadora haya merecido las críticas tanto de intelectuales como de otros miembros de la sociedad, las cuales han hecho ver que es cada vez  más necesario  el cambio en las estructuras operacionales de estas entidades, requiriéndose de mayor flexibilidad y dinamismo en los procesos tanto técnicos como políticos, es por ello que se hace referencia al modelo de organizaciones inteligentes como una alternativa de desarrollo institucional</subfield>
  </datafield>
  <datafield tag="650" ind1="1" ind2="4">
    <subfield code="9">1</subfield>
    <subfield code="a">EDUCACIÓN</subfield>
  </datafield>
  <datafield tag="773" ind2=" " ind1="0">
    <subfield code="d">San José, Costa Rica : Editorial de la Universidad de Costa Rica, 1997-</subfield>
    <subfield code="o">R0060</subfield>
    <subfield code="t">EDUCACIÓN: Revista de la Universidad de Costa Rica</subfield>
    <subfield code="g">Vol.26, no.1  (2002) </subfield>
  </datafield>
  <datafield ind1=" " ind2=" " tag="942">
    <subfield code="2">z</subfield>
    <subfield code="c">10</subfield>
  </datafield>
  <datafield ind2=" " ind1=" " tag="999">
    <subfield code="c">2742</subfield>
    <subfield code="d">2742</subfield>
  </datafield>
</record>